@article{Schutze2003,
  title={{Support value of sketching in the design process}},
  author={Martina Sch\"{u}tze, Pierre Sachse, Anne R\"{o}mer},
  journal={{Res. in Eng. Design}},
  volume={14},
  number={2},
  pages={89--97},
  month={May},
  year={2003}
}

@article{yang2009,
  title={{Observations on concept generation and sketching in engineering design}},
  author={Maria C. Yang},
  journal={{Res. in Eng. Design}},
  volume={20},
  number={1},
  pages={1--11},
  month={Dec.},
  year={2009}
}

@STANDARD{bestpractices,
    title        = {{Defining the Architect’s Basic Services}},
    institution = {Amer. Inst. of Architects},
    number = {15.01.01},
    url          = "http://www.aia.org/",
    note         = "{(Last Accessed: Jun 13 2016)}"
}

@article{gallesketch,
  title={Introspective Observations of Sketch Design},
  author={Per Galle, L\'{a}szl\'{o} B\'{e}la Kov\'{a}cs},
  journal={Design Stud.},
  volume={13},
  number={3},
  pages={229--272},
  month={Jul.},
  year={1992}
}

@article{dialects,
  title={The Dialects of Sketching},
  author={Gabriella Goldschmidt},
  journal={Creativity Res. J.},
  volume={4},
  number={2},
  pages={123--143},
  month={Nov.},
  year={2009}
}

@book{drafting_and_design,
	address = {Boston, {MA}},
	edition = {6},
    title = {{Architectural} {Drafting} and {Design}},
	pagetotal = {1152},
	chapter={18},
	pages = {380},
	publisher = {Cengage Learning},
	author = {Alan Jefferis, David A. Madsen, David P. Madsen},
    year = {2010},
}

@book{cad,
	address = {Boston, {MA}},
	edition = {1},
    title = {{Computer} {Aided} {Design} and {Manufacturing}},
	pagetotal = {728},
	publisher = {PHI Learning},
	author = {M.M. Sarcar},
    year = {2008},
}

@book{howdesignersthink,
	address = {Abingdon, England},
	edition = {4},
    title = {{How} {Designers} {Think}},
	pagetotal = {334},
	publisher = {PHI Learning},
	author = {Bryan Lawson},
    year = {2005},
}

@article{yangcham2006,
  title={An Analysis of Sketching Skill and Its Role in Early Stage Engineering Design},
  author={Maria C. Yang, Jorge G. Cham},
  journal={J. Mech. Design},
  volume={129},
  number={5},
  pages={476--482},
  month={May},
  year={2006}
}

@article{ullmanwood1990,
  title={The Importance of Drawing in
the Mechanical Design Process},
  author={David G. Ullman, Stephen Wood, David Craig },
  journal={Comput. and Graph.},
  volume={14},
  number={2},
  pages={263--274},
  year={1990}
}

@article{schon2004,
  title={Kinds of seeing and their functions in designing},
  author={Donald A. Schon, Glenn Wiggins},
  journal={Dept. of Urban Stud. and Planning},
  volume={13},
  number={2},
  pages={135--156},
  month={Nov.},
  year={2004}
}

@CONFERENCE{song2004,
  author    = {Shuang Song, Alice M. Agogino},
  title     = {Insights on Designers’ Sketching Activities in New Product Design Teams},
    booktitle = {{ASME} 2004 {Int.} {Design} {Eng.} {Tech.} {Conf.} and {Comput.} and {Info.} in {Eng.} {Conf.}},
  pages     = {351--360},
  year      = {2004},
  address   = {Salt Lake City, UT},
}

@Mastersthesis{oasis2016,
  title={Online Architectural Sketching Interface for Simulations},
  author={Espinoza, Max},
  year={2016},
  type= {M. Thesis Dept. Comp. Sci.},
  school={Rensselaer Polytechnic Institute},
  address={Troy, NY}
}

@inproceedings{do2001vr,
  title={{VR} sketchpad},
  author={Do, Ellen Yi-Luen},
  booktitle={ Proc. 9th Comput. Aided Arch. Des. Futures Int. Conf.},
  pages={161--172},
  year={2001},
  address = {Eindhoven, Netherlands}
}

@INPROCEEDINGS {glaser2003sketch,
    author    = "Glaser, Daniel and Voung, Jan and Xiao, Y and Thai, B and Ubbelohde, S and Canny, J and Do E",
    title     = "A sketch-modelling program for lighting analysis",
    booktitle = {{Proc.} 10th {Comput.} {Aided} {Arch.} {Des.} {Futures} {Int.} {Conf.}},
    year      = "2003",
    pages     = "371--382",
    address   = "Tainan, Taiwan"
}

@inproceedings{onedollar,
  title={Gestures without Libraries, Toolkits or Training:
A \$1 Recognizer for User Interface Prototypes},
  author={Jacob O. Wobbrock, Andrew D. Wilson, Yang Li},
  booktitle={Proceeding
UIST '07 Proc. of the 20th Annu. ACM Symp. on User Interface Software and Tech.},
  pages={159--168},
  year={2007},
  address = {New York, NY}
}

@inproceedings{dollarN,
  title={A lightweight multistroke recognizer for user interface prototypes},
  author={Lisa Anthony, Jacob O. Wobbrock},
  booktitle={Proc. GI '10 Proc. of Graph. Interface 2010},
  pages={245--252},
  year={2010},
  address = {Toronto, Canada}
}

@inproceedings{dollarNprotractor,
  title={\$N-protractor: a fast and accurate multistroke recognizer},
  author={Lisa Anthony, Jacob O. Wobbrock},
  booktitle={Proc. GI '12 Proc. of Graph. Interface 2012},
  pages={117--120},
  year={2012},
  address = {Toronto, Canada}
}

@custweb2{cron,
  author={cogNiTioN},
  title={Newbie: Intro to cron},
  date={1999},
  url={http://www.unixgeeks.org/security/newbie/unix/cron-1.html},
  note         = "{(Last Accessed: Jun 28 2016)}"
}

@incollection{cutler2009inferring,
  author      = "Cutler, Barbara and Nasman, Joshua",
  title       = "Interpreting physical sketches as architectural models",
  booktitle   = {{Adv. in Arch. Geometry 2010}},
  editor      = {{C. Ceccato}},
  publisher   = "Springer Vienna Architecture",
  address     = "Vienna, Austria",
  year        = 2010,
  chapter     = 1,
  pages       = "15--35"
}

@article{hmm1994,
  title={HMM Based On-Line Handwriting Recognition},
  author={Jianying Hu, Michael K. Brown, William Turin},
  journal={IEEE Trans. on Pattern Anal. and Mach. Intell.},
  volume={18},
  number={10},
  pages={1039--1045},
  month={Oct.},
  year={1996}
}

@inproceedings{fuzzylogic,
  title={Using fuzzy logic to recognize geometric shapes interactively},
  author={M. J. Fonseca, J. A. Jorge},
  booktitle={Proc. of the 9th Int. Conf. on Fuzzy Syst. (FUZZ-IEEE 2000)},
  pages={291--296},
  year={2000},
  address = {San Antonio, TX}
}

@inproceedings{yinsun,
  title={An Online Multi-stroke Sketch Recognition Method Integrated with Stroke Segmentation},
  author={Jianfeng Yin, Zhengxing Sun},
  booktitle={Proc. ACII '05},
  pages={803--810},
  year={2005},
  address = {Berlin, Germany}
}

@article{handwritingrec,
  title={
On-Line and Off-Line Handwriting Recognition: A Comprehensive Survey},
  author={R\'{e}jean Plamondon, Sargur N. Srihari},
  journal={IEEE Trans. on Pattern Anal. and Mach. Intell.},
  volume={22},
  number={1},
  pages={63--84},
  month={Jan.},
  year={2000}
}

@CONFERENCE{neural2011,
  title={{Diagonal based feature extraction for handwritten character recognition system using neural network}},
  author={J. Pradeep, E. Srinivasan, S. Himavathi},

    booktitle = {{Int.} {Conf.} on {Electron.} {Comput.} {Tech.}},
  pages     = {364--368},
  month = {Apr.},
  year      = {2011},
  address   = {Kanyakumari, India},
}

@article{npen,
  title={
Online handwriting recognition: the NPen++ recognizer},
  author={S. Jaeger, S. Manke, J. Reichert, A. Waibel},
  journal={Int. J. on Document Anal. and Recognition},
  volume={3},
  number={3},
  pages={169--180},
  month={Mar.},
  year={2001}
}

@article{iamdatabase,
  title={
The IAM-database: an English sentence database for offline handwriting recognition},
  author={U.-V. Marti, H. Bunke},
  journal={Int. J. on Document Anal. and Recog.},
  volume={5},
  number={1},
  pages={39--46},
  month={Nov.},
  year={2002}
}

@inproceedings{rubinegestures,
  title={Specifying gestures by example},
  author={Dean Rubine},
  booktitle={SIGGRAPH '91 Proc. of the 18th Annu. Conf. on Comput. Graph. and Interactive Techniques},
  pages={329--337},
  year={1991},
  address = {New York, NY}
}

@electronic{leastsquares,
  author={Thinking Ape},
  title={Least-Square Linear Regression of Data Using C++},
  date={2011},
  organization={Blogspot.com},
  howpublished={Online},
  note         = "{(Last Accessed: Jun 28 2016)}"
}

@custweb{json,
  author={JSON},
  title={Introducing JSON},
  date={2016},
  url={http://www.json.org},
  note         = "{(Last Accessed: Jul 3 2016)}"
}

@electronic{hospital,
  author={Darling and Curry},
  title={Architectural sketch of the Victoria Hospital for Sick Children},
  date={1892},
  howpublished={Online},
}

@electronic{harvard,
  author={Unknown},
  title={Architectural Plan of Memorial Hall (Harvard University)},
  date={1874},
  howpublished={Online},
}

@electronic{quicksketch,
  author={Aushist},
  title={Front view of the Lombard Building on Queen Street, Melbourne},
  year={2013},
  howpublished={Online},
}

@electronic{cad1,
  author={Martinremco},
  title={NHS Floor Plan},
  date={2008},
  howpublished={Online},
}

@custweb{autocad,
  author={Autodesk},
  title={AutoCAD for Mac and windows | CAD software},
  date={2016},
  url={http://www.autodesk.com/products/autocad/overview},
  note         = "{(Last Accessed: Jul 3 2016)}"
}

@custweb2{raphaeljs,
  author={Dmitry Baranovskiy},
  title={Rapha\"{e}l: Cross-browser vector graphics the easy way.},
  date={2016},
  url={https://github.com/DmitryBaranovskiy/raphael},
  note         = "{(Last Accessed: Jul 3 2016)}"
}

@custweb2{freetransform,
  author={Elbert Alias},
  title={Rapha\"{e}l.FreeTransform},
  date={2016},
  url={https://github.com/AliasIO/Raphael.FreeTransform},
  note         = "{(Last Accessed: Jul 3 2016)}"
}

@custweb{nx,
  author={Seimens},
  title={NX: Siemens PLM software},
  date={2016},
  url={https://www.plm.automation.siemens.com/en\_us/products/nx/},
  note         = "{(Last Accessed: Jul 3 2016)}"
}

@custweb{archicad,
  author={Graphisoft},
  title={ArchiCAD},
  date={2016},
  url={http://www.graphisoft.com/archicad/},
  note         = "{(Last Accessed: Jul 3 2016)}"
}

@STANDARD{dimensions,
  title={Standard Dimensions for
Furniture Design},
    institution = {Capital Area Woodworkers},
    note         = "{(Last Accessed: Jun 28 2016)}"
}

@article{yusheng,
    title = {{A} spatially augmented reality sketching interface for architectural daylighting design},
author = "Yu Sheng and Theodore C. Yapo and Christopher Young and Barbara Cutler",
year = "2011", 
month = "Jan.",
journal = "IEEE Trans. Vis. Comput. Graph.",
volume = "17",
number = "1",
pages = "38--50",
publisher = "IEEE"
}

@inproceedings{satin,
  title={SATIN: A Toolkit for Informal Ink-based Applications},
  author={Jason I. Hong and James A. Landay},
  booktitle={UIST '00 Proceedings of the 13th Annu. ACM Symp. on User Interface Software and Tech.},
  pages={63--72},
  year={2000},
  address = {New York, NY}
}